<record xmlns="http://www.loc.gov/MARC21/slim" xmlns:xsi="http://www.w3.org/2001/XMLSchema-instance" xsi:schemaLocation="http://www.loc.gov/MARC21/slim http://www.loc.gov/standards/marcxml/schema/MARC21slim.xsd"><leader>00037nz   2200037n  4500</leader><controlfield tag="001">DNB|119353067</controlfield><controlfield tag="003">DNB</controlfield><controlfield tag="005">20080406024610.0</controlfield><controlfield tag="008">960712n||azznnabbn           | aaa    |c</controlfield><datafield ind1=" " ind2=" " tag="035"><subfield code="a">(DE-101)119353067</subfield></datafield><datafield ind1=" " ind2=" " tag="035"><subfield code="a">(DE-588a)119353067</subfield></datafield><datafield ind1=" " ind2=" " tag="035"><subfield code="a">(DE-588c)4417222-9</subfield></datafield><datafield ind1=" " ind2=" " tag="040"><subfield code="a">DE-21</subfield><subfield code="b">ger</subfield><subfield code="c">DE-101</subfield><subfield code="e">rakwb</subfield><subfield code="d">0023</subfield></datafield><datafield ind1=" " ind2=" " tag="043"><subfield code="c">XT</subfield></datafield><datafield ind1=" " ind2="7" tag="049"><subfield code="2">iso639-2</subfield><subfield code="a">lat</subfield></datafield><datafield ind1=" " ind2=" " tag="065"><subfield code="2">sswd</subfield><subfield code="a">16.1p</subfield></datafield><datafield ind1=" " ind2=" " tag="079"><subfield code="a">p</subfield><subfield code="q">s</subfield><subfield code="q">f</subfield><subfield code="q">p</subfield><subfield code="t">12-PAN</subfield><subfield code="t">12</subfield><subfield code="t">7</subfield></datafield><datafield ind1="0" ind2=" " tag="100"><subfield code="a">Vulcacius</subfield><subfield code="c">Gallicanus</subfield><subfield code="d">fl.3./4. Jh.</subfield></datafield><datafield ind1="0" ind2=" " tag="400"><subfield code="a">Vulcatius</subfield><subfield code="c">Gallicanus</subfield><subfield code="d">fl.3./4. Jh.</subfield></datafield><datafield ind1="0" ind2=" " tag="400"><subfield code="a">Vulcacius</subfield><subfield code="c">Historicus</subfield><subfield code="d">fl.3./4. Jh.</subfield></datafield><datafield ind1="1" ind2=" " tag="400"><subfield code="a">Gallicanus, Vulcacius</subfield><subfield code="d">fl.3./4. Jh.</subfield></datafield><datafield ind1="0" ind2=" " tag="400"><subfield code="a">Gallicanus</subfield><subfield code="c">Historicus</subfield><subfield code="d">fl.3./4. Jh.</subfield></datafield><datafield ind1="1" ind2=" " tag="400"><subfield code="a">Gallicanus, Vulcatius</subfield><subfield code="d">fl.3./4. Jh.</subfield></datafield><datafield ind1="0" ind2=" " tag="400"><subfield code="a">Vulcatius</subfield><subfield code="c">Historian</subfield><subfield code="d">fl.3./4. Jh.</subfield></datafield><datafield ind1="0" ind2=" " tag="400"><subfield code="a">Vulcatius</subfield><subfield code="c">Gallianus</subfield><subfield code="d">fl.3./4. Jh.</subfield></datafield><datafield ind1="1" ind2=" " tag="400"><subfield code="a">Gallianus, Vulcatius</subfield><subfield code="d">fl.3./4. Jh.</subfield></datafield><datafield ind1=" " ind2=" " tag="549"><subfield code="w">i</subfield><subfield code="i">Zeit</subfield><subfield code="a">3./4. Jh.</subfield></datafield><datafield ind1=" " ind2=" " tag="549"><subfield code="w">i</subfield><subfield code="i">UDK-Zeitcode</subfield><subfield code="a">02</subfield></datafield><datafield ind1=" " ind2=" " tag="549"><subfield code="w">i</subfield><subfield code="i">UDK-Zeitcode</subfield><subfield code="a">03</subfield></datafield><datafield ind1=" " ind2=" " tag="667"><subfield code="a">TITAN</subfield></datafield><datafield ind1=" " ind2=" " tag="670"><subfield code="a">PAN</subfield></datafield><datafield ind1=" " ind2=" " tag="678"><subfield code="a">Fiktiver Verfasser einer Biographie der Historia Augusta in diokletianischer Zeit</subfield></datafield><datafield ind1=" " ind2=" " tag="692"><subfield code="a">Vulcacius &lt;Gallicanus&gt;: Leben des Kaisers Avidius Cassius. - 1790</subfield></datafield><datafield ind1=" " ind2=" " tag="692"><subfield code="a">Spartianus, Aelius: Historiae Augustae Scriptores VI. - 1661</subfield></datafield><datafield ind1=" " ind2=" " tag="692"><subfield code="a">Spartianus, Aelius: Historiae Augustae Scriptores sex. - 1603</subfield></datafield><datafield ind1=" " ind2=" " tag="692"><subfield code="a">Spartianus, Aelius: Historiae Augustae scriptores sex. - 1721</subfield></datafield><datafield ind1=" " ind2=" " tag="692"><subfield code="a">Spartianus, Aelius: Historiae Augustae Scriptores. - 1774</subfield></datafield><datafield ind1=" " ind2=" " tag="692"><subfield code="a">Spartianus, Aelius: Die Kaisergeschichte der sechs Schriftsteller: Aelius Spartianus, I*</subfield></datafield><datafield ind1=" " ind2=" " tag="692"><subfield code="a">Spartianus, Aelius: Aelius Spartianus. Iul. Capitolinus. Ael. Lampridius. Vulcatius Galli*</subfield></datafield><datafield ind1=" " ind2=" " tag="910"><subfield code="a">leben des kaisers avidius cassius</subfield><subfield code="9">1</subfield></datafield><datafield ind1=" " ind2=" " tag="910"><subfield code="a">aelius spartianus iul capitolinus ael lampridius vulcatius galli</subfield><subfield code="9">1</subfield></datafield><datafield ind1=" " ind2=" " tag="910"><subfield code="a">historiae augustae scriptores sex</subfield><subfield code="9">1</subfield></datafield><datafield ind1=" " ind2=" " tag="910"><subfield code="a">historiae augustae scriptores vi</subfield><subfield code="9">1</subfield></datafield><datafield ind1=" " ind2=" " tag="910"><subfield code="a">die kaisergeschichte der sechs schriftsteller aelius spartianus i</subfield><subfield code="9">1</subfield></datafield><datafield ind1=" " ind2=" " tag="910"><subfield code="a">historiae augustae scriptores</subfield><subfield code="9">1</subfield></datafield><datafield ind1=" " ind2=" " tag="930"><subfield code="a">vulcacius gallicanus</subfield><subfield code="9">1</subfield></datafield><datafield ind1=" " ind2=" " tag="943"><subfield code="a">177x</subfield><subfield code="9">1</subfield></datafield><datafield ind1=" " ind2=" " tag="943"><subfield code="a">166x</subfield><subfield code="9">1</subfield></datafield><datafield ind1=" " ind2=" " tag="943"><subfield code="a">160x</subfield><subfield code="9">1</subfield></datafield><datafield ind1=" " ind2=" " tag="943"><subfield code="a">179x</subfield><subfield code="9">1</subfield></datafield><datafield ind1=" " ind2=" " tag="943"><subfield code="a">172x</subfield><subfield code="9">1</subfield></datafield><datafield ind1=" " ind2=" " tag="950"><subfield code="a">spartianus aelius</subfield><subfield code="9">1</subfield></datafield><datafield ind1=" " ind2=" " tag="996"><subfield code="2">NKC|js20020115089</subfield></datafield><datafield ind1=" " ind2=" " tag="997"><subfield code="a">200 300 flourished</subfield><subfield code="9">1</subfield></datafield><datafield ind1=" " ind2=" " tag="998"><subfield code="a">Vulcatius Gallicanus,</subfield><subfield code="d">ca 300 e.Kr.</subfield><subfield code="2">SELIBR|281953</subfield><subfield code="3">title: (1.00, " historiae augustae scriptores vi ", " historiae augustae scriptores vi ")</subfield></datafield></record>